<record><leader>00000cas a22000007a 4500</leader><controlfield tag="001">14219432</controlfield><controlfield tag="008">860915d18971912wiuwr ne      0    0ger d</controlfield><datafield ind1=" " ind2=" " tag="010"><subfield code="a">sn 86086554 </subfield></datafield><datafield ind1=" " ind2=" " tag="040"><subfield code="a">NPV</subfield><subfield code="b">eng</subfield><subfield code="c">NPV</subfield><subfield code="d">OCLCQ</subfield></datafield><datafield ind1=" " ind2=" " tag="042"><subfield code="a">msc</subfield></datafield><datafield ind1="0" ind2="4" tag="245"><subfield code="a">Der Deutsch Schweizerische Courier.</subfield></datafield><datafield ind1="1" ind2="3" tag="246"><subfield code="a">New Glarus Bote</subfield></datafield><datafield ind1=" " ind2=" " tag="260"><subfield code="a">New Glarus, Wis. :</subfield><subfield code="b">John Theiler &amp; Co.,</subfield><subfield code="c">1897-1912.</subfield></datafield><datafield ind1=" " ind2=" " tag="300"><subfield code="a">v.</subfield></datafield><datafield ind1=" " ind2=" " tag="310"><subfield code="a">Weekly</subfield></datafield><datafield ind1="0" ind2=" " tag="362"><subfield code="a">Erster Jahrg., no. 22 (6. Sept. 1897)-16. jahrg., no. 25 (24 Sept., 1912).</subfield></datafield><datafield ind1=" " ind2=" " tag="521"><subfield code="a">"Den Interessen der Schweizerkolonien der mittleren and Westlichen Staaten gewidmet."</subfield></datafield><datafield ind1=" " ind2=" " tag="752"><subfield code="a">United States</subfield><subfield code="b">Wisconsin</subfield><subfield code="c">Green</subfield><subfield code="d">New Glarus.</subfield></datafield><datafield ind1="0" ind2="0" tag="780"><subfield code="t">New Glarus Bote</subfield><subfield code="w">(DLC)sn 86086555</subfield></datafield><datafield ind1="0" ind2="0" tag="785"><subfield code="t">Deutsch Schweizerischer Courier</subfield><subfield code="w">(DLC)sn 86086553</subfield></datafield></record>